<record><leader>00000cas a2200000 a 4500</leader><controlfield tag="001">8784538</controlfield><controlfield tag="008">820917d19071917gauwr ne      0    0eng  </controlfield><datafield ind1=" " ind2=" " tag="010"><subfield code="a">sn 82014546 </subfield></datafield><datafield ind1=" " ind2=" " tag="040"><subfield code="a">DLC</subfield><subfield code="b">eng</subfield><subfield code="c">DLC</subfield><subfield code="d">PPM</subfield><subfield code="d">DLC</subfield><subfield code="d">GUA</subfield><subfield code="d">NLG</subfield><subfield code="d">GUA</subfield><subfield code="d">DLC</subfield><subfield code="d">OCLCO</subfield><subfield code="d">OCLCQ</subfield><subfield code="d">OCLCF</subfield></datafield><datafield ind1="1" ind2=" " tag="029"><subfield code="a">AU@</subfield><subfield code="b">000025819200</subfield></datafield><datafield ind1=" " ind2=" " tag="042"><subfield code="a">pcc</subfield></datafield><datafield ind1=" " ind2=" " tag="043"><subfield code="a">n-us-ga</subfield></datafield><datafield ind1="0" ind2="0" tag="050"><subfield code="a">Newspaper 7492</subfield></datafield><datafield ind1="0" ind2=" " tag="130"><subfield code="a">Jeffersonian (Atlanta, Ga.)</subfield></datafield><datafield ind1="1" ind2="4" tag="245"><subfield code="a">The Jeffersonian.</subfield></datafield><datafield ind1=" " ind2=" " tag="260"><subfield code="a">Atlanta, Ga. :</subfield><subfield code="b">[Jeffersonian Pub. Co.],</subfield><subfield code="c">1907-1917.</subfield></datafield><datafield ind1=" " ind2=" " tag="300"><subfield code="a">v. :</subfield><subfield code="b">ill. ;</subfield><subfield code="c">37 cm.</subfield></datafield><datafield ind1=" " ind2=" " tag="310"><subfield code="a">Weekly</subfield></datafield><datafield ind1="0" ind2=" " tag="362"><subfield code="a">Vol. 2, no. 45 (Dec. 5, 1907)-v. 14, no. 54 (Aug. 30, 1917).</subfield></datafield><datafield ind1=" " ind2=" " tag="500"><subfield code="a">Published in Atlanta, Ga. 1907-Nov. 1910; in Thomson, Ga., 1910-Aug. 30, 1917.</subfield></datafield><datafield ind1=" " ind2=" " tag="500"><subfield code="a">"Democratic and Anti-Clerical." Ayer, 1917.</subfield></datafield><datafield ind1=" " ind2=" " tag="530"><subfield code="a">Also on microfilm: Athens, Ga. : University of Georgia Libraries, and: Library of Congress, Photoduplication Service.</subfield></datafield><datafield ind1=" " ind2="0" tag="651"><subfield code="a">Atlanta (Ga.)</subfield><subfield code="v">Newspapers.</subfield></datafield><datafield ind1=" " ind2="7" tag="655"><subfield code="a">Newspapers.</subfield><subfield code="2">fast</subfield><subfield code="0">(OCoLC)fst01423814</subfield></datafield><datafield ind1=" " ind2="7" tag="651"><subfield code="a">Georgia</subfield><subfield code="z">Atlanta.</subfield><subfield code="2">fast</subfield><subfield code="0">(OCoLC)fst01204627</subfield></datafield><datafield ind1=" " ind2=" " tag="752"><subfield code="a">United States</subfield><subfield code="b">Georgia</subfield><subfield code="c">McDuffie</subfield><subfield code="d">Thomson.</subfield></datafield><datafield ind1=" " ind2=" " tag="752"><subfield code="a">United States</subfield><subfield code="b">Georgia</subfield><subfield code="c">Fulton</subfield><subfield code="d">Atlanta.</subfield></datafield><datafield ind1="0" ind2="0" tag="780"><subfield code="t">Watson's weekly Jeffersonian</subfield><subfield code="w">(DLC)sn 90052331</subfield><subfield code="w">(OCoLC)21362351</subfield></datafield></record>